
@misc{Agilmanifesto,
    title = {Manifesto for Agile Software Development},
    author = {Kent Beck, Mike Beedle, Arie van Bennekum, Alistair Cockburn, Ward Cunningham, Martin Fowler, James Grenning, Jim Highsmith, Andrew Hunt, Ron Jeffries, Jon Kern, Brian Marick, Robert C. Martin, Steve Mellor, Ken Schwaber, Jeff Suther-land, and Dave Thomas},
    year = {2001},
    note = {[\url{http://www.agilemanifesto.org}; acessado 2017-10-30]}
}

@misc{Bastos:Luca,
    title = {Da Descoberta do Ágil ao Manifesto},
    author = {Luca Bastos},
    year = {2003},
    note = {[\url{http://pt.slideshare.net/lucabastos/manifesto-luca-bastos-agilevale-2013}; acessado 2017-10-30]}
}

@misc{Fowler:NewMethodology,
    title = {The New Methodology},
    author = {Martin Fowler},
    year = {2005},
    note = {[\url{http://www.martinfowler.com/articles/newMethodology.html }; acessado 2017-10-30]}
}

@book{Caroli:DiretoAoPonto,
    author = {Paulo Caroli},
    title = {Direto ao ponto},
    publisher = {Casa Do Código},
    year = {2015}
}

@misc{Lourenco:Cebola,
    title = {O método da cebola por Lourenço Soares},
    author = {Lourenço P. Soares, Paulo Caroli},
    note = {[\url{http://www.caroli.org/o-metodo-da-cebola-por-lourenco-soares/ }; acessado 2017-10-30]}
}



%%% OKR
@misc{OKR:Castro-1,
    title = {What is OKR?},
    author = {Felipe Castro},
    year = {2015},
    note = {[\url{http://felipecastro.com/en/okr/what-is-okr/}; acessado 2017-10-30]}
}

@misc{OKR:Castro-2,
    title = {The Silicon Valley way of setting goals: an introduction to OKR},
    author = {Felipe Castro},
    year = {2015},
    note = {[\url{https://medium.com/the-alignment-shop/introduction-to-okr-9912085830f0}; acessado 2017-10-30]}
}

@misc{OKR:Christina,
    title = {The Art of the OKR},
    author = {Christina Wodtke},
    year = {2014},
    note = {[\url{http://eleganthack.com/the-art-of-the-okr/}; acessado 2017-10-30]}
}

@book{OKR:John,
    author = {John Doerr},
    title = {Measure What Matters: How Bono, the Gates Foundation, and Google Rock the World with Okrs},
    publisher = {Portfolio},
    year = {2017}
}

@misc{DoubleDiamond,
    title = {Eleven lessons: managing design in eleven global brands},
    author = {Design Council},
    year = {2005},
    note = {[\url{https://www.designcouncil.org.uk/sites/default/files/asset/document/ElevenLessons_Design_Council (2).pdf}; acessado 2017-10-30]}
}

@book{DesignThink:Vianna,
    author = {Maurício Vianna},
    title = {Design thinking: inovação em negócios},
    publisher = {MJV Press},
    year = {2012}
}


@book{Lean:Toyota,
    author = {Yasuhiro Monden},
    title = {Sistema Toyota de Produção: Uma Abordagem Integrada ao Just in Time},
    publisher = {Bookman Editora},
    year = {2015}
}

@book{Lean:Poppendieck,
    author = {Tom Poppendieck, Mary Poppendieck},
    title = {Len Software Development - An Agile Toolkit},
    publisher = {Addison Wesley},
    year = {2003}
}